@article{archer1994movement,
  title={Movement, face processing and schizophrenia: evidence of a differential deficit in expression analysis},
  author={Archer, J. and Hay, DC and Young, AW},
  journal={British Journal of Clinical Psychology},
  volume={33},
  number={4},
  pages={517--528},
  year={1994},
  publisher={Wiley Online Library}
}


@article{bruce1986understanding,
  title={Understanding face recognition},
  author={Bruce, V. and Young, A.},
  journal={British journal of psychology},
  volume={77},
  number={3},
  pages={305--327},
  year={1986},
  publisher={Wiley Online Library}
}

@article{hasselmo1989role,
  title={The role of expression and identity in the face-selective responses of neurons in the temporal visual cortex of the monkey},
  author={Hasselmo, M.E. and Rolls, E.T. and Baylis, G.C.},
  journal={Behavioural brain research},
  volume={32},
  number={3},
  pages={203--218},
  year={1989},
  publisher={Elsevier}
}
