@article{castelhano2007see,
  title={{I see what you see: Eye movements in real-world scenes are affected by perceived direction of gaze}},
  author={Castelhano, M. and Wieth, M. and Henderson, J.},
  journal={Attention in Cognitive Systems. Theories and Systems from an Interdisciplinary Viewpoint},
  pages={251--262},
  year={2007},
  publisher={Springer}
}
@article{hietanen1999does,
  title={{Does your gaze direction and head orientation shift my visual attention?}},
  author={Hietanen, J.K.},
  journal={NeuroReport},
  volume={10},
  number={16},
  pages={3443},
  issn={0959-4965},
  year={1999}
}
@article{tian2002recognizing,
  title={{Recognizing action units for facial expression analysis}},
  author={Tian, Y.I. and Kanade, T. and Cohn, J.F.},
  journal={Pattern Analysis and Machine Intelligence, IEEE Transactions on},
  volume={23},
  number={2},
  pages={97--115},
  issn={0162-8828},
  year={2002},
  publisher={IEEE}
}
@article{gasser1967development,
  title={{The development of the facial muscles in man}},
  author={Gasser, R.F.},
  journal={American Journal of Anatomy},
  volume={120},
  number={2},
  pages={357--375},
  issn={1553-0795},
  year={1967},
  publisher={John Wiley \& Sons}
}
@article{kanwisher1997fusiform,
  title={{The fusiform face area: a module in human extrastriate cortex specialized for face perception}},
  author={Kanwisher, N. and McDermott, J. and Chun, M.M.},
  journal={Journal of Neuroscience},
  volume={17},
  number={11},
  pages={4302},
  year={1997},
  publisher={Soc Neuroscience}
}
@book{patterson1998artificial,
  title={{Artificial neural networks: theory and applications}},
  author={Patterson, D.W.},
  isbn={0132953536},
  year={1998},
  publisher={Prentice Hall PTR Upper Saddle River, NJ, USA}
}
@article{sirovich1987low,
  title={{Low-dimensional procedure for the characterization of human faces}},
  author={Sirovich, L. and Kirby, M.},
  journal={Journal of the Optical Society of America A},
  volume={4},
  number={3},
  pages={519--524},
  issn={1084-7529},
  year={1987},
  publisher={OSA}
}
@article{turk1991eigenfaces,
  title={{Eigenfaces for recognition}},
  author={Turk, M. and Pentland, A.},
  journal={Journal of cognitive neuroscience},
  volume={3},
  number={1},
  pages={71--86},
  issn={0898-929X},
  year={1991},
  publisher={MIT Press}
}
@article{wood1987principal,
  title={{Principal component analysis}},
  author={Wood, F. and Esbensen, K. and Geladi, P.},
  journal={Chemometr. Intel. Lab. Syst},
  volume={2},
  pages={37--52},
  year={1987}
}
@phdthesis{glyn,
  AUTHOR = {Glyn Cowe},
  TITLE = {Example-based computer-generated facial mimicry},
  School= {UCL},
  YEAR = {2003}
}
@article{valentine1991unified,
  title={{A unified account of the effects of distinctiveness, inversion, and race in face recognition}},
  author={Valentine, T.},
  journal={The Quarterly Journal of Experimental Psychology Section A},
  volume={43},
  number={2},
  pages={161--204},
  issn={0272-4987},
  year={1991},
  publisher={Psychology Press}
}
@article{bartlett1984typicality,
  title={{Typicality and familiarity of faces.}},
  author={Bartlett, J.C. and Hurry, S. and Thorley, W.},
  journal={Memory \& Cognition},
  issn={0090-502X},
  year={1984},
  publisher={Psychonomic Society}
}
@article{light1979recognition,
  title={{Recognition memory for typical and unusual faces}},
  author={Light, L.L. and Kayra-Stuart, F. and Hollander, S.},
  journal={Journal of Experimental Psychology: Human Learning and Memory},
  volume={5},
  number={3},
  pages={212--228},
  issn={0096-1515},
  year={1979},
  publisher={Elsevier}
}
@article{tsujimoto1978distorted,
  title={{Distorted memory for examplars of a social structure: Evidence for schematic memory processes}},
  author={Tsujimoto, R.N. and Wilde, J. and Robertson, D.R.},
  journal={Journal of Personality and Social Psychology},
  volume={36},
  number={12},
  pages={1402--1414},
  issn={0022-3514},
  year={1978},
  publisher={Elsevier}
}
@article{alba1983memory,
  title={{Is memory schematic?}},
  author={Alba, J.W. and Hasher, L.},
  journal={Psychological Bulletin},
  volume={93},
  number={2},
  pages={203--231},
  issn={0033-2909},
  year={1983},
  publisher={Elsevier}
}
@article{goldstein1975recognition,
  title={{Recognition of inverted photographs of faces by children and adults.}},
  author={Goldstein, A.G.},
  journal={The Journal of genetic psychology},
  volume={127},
  number={1st Half},
  pages={109},
  year={1975}
}
@article{trivers1971evolution,
  title={{The evolution of reciprocal altruism}},
  author={Trivers, R.L.},
  journal={Quarterly review of biology},
  pages={35--57},
  issn={0033-5770},
  year={1971},
  publisher={JSTOR}
}
@article{cohen2006immune,
  title={{Immune system computation and the immunological homunculus}},
  author={Cohen, I.},
  journal={Model Driven Engineering Languages and Systems},
  pages={499--512},
  year={2006},
  publisher={Springer}
}
@conference{cobelli2002physiological,
  title={{A physiological simulation model of the glucose-insulin system}},
  author={Cobelli, C. and Nucci, G. and Del Prato, S.},
  booktitle={BMES/EMBS Conference, 1999. Proceedings of the First Joint},
  volume={2},
  pages={999},
  isbn={0780356748},
  year={2002},
  organization={IEEE}
}
@book{takeuchi1996global,
  title={{Global dynamical properties of Lotka-Volterra systems}},
  author={Takeuchi, Y.},
  isbn={9810224710},
  year={1996},
  publisher={World Scientific Pub Co Inc}
}
@article{bruce1986understanding,
  title={{Understanding face recognition.}},
  author={Bruce, V. and Young, A.},
  journal={British journal of psychology},
  issn={0007-1269},
  year={1986},
  publisher={British Psychological Society}
}
@Book{hole,
 author    = "Graham Hole, Victoria Bourne",
 title     = "Face Processing: Psychological, Neuropsychological, and Applied Perspectives",
 publisher = "OUP Oxford",
 year      =  2010
}
@article{baddeley1992working,
  title={{Working memory}},
  author={Baddeley, A.},
  journal={Science},
  volume={255},
  number={5044},
  pages={556},
  year={1992},
  publisher={AAAS}
}
@article{durstewitz2000neurocomputational,
  title={{Neurocomputational models of working memory}},
  author={Durstewitz, D. and Seamans, J.K. and Sejnowski, T.J.},
  journal={nature neuroscience},
  volume={3},
  pages={1184--1191},
  year={2000},
  publisher={Nature Publishing Group}
}
@article{dempster1977maximum,
  title={{Maximum likelihood from incomplete data via the EM algorithm}},
  author={Dempster, A.P. and Laird, N.M. and Rubin, D.B. and others},
  journal={Journal of the Royal Statistical Society. Series B (Methodological)},
  volume={39},
  number={1},
  pages={1--38},
  issn={0035-9246},
  year={1977},
  publisher={Royal Statistical Society}
}
@article{roweis1998algorithms,
  title={{EM algorithms for PCA and SPCA}},
  author={Roweis, S.},
  journal={Advances in neural information processing systems},
  pages={626--632},
  issn={1049-5258},
  year={1998},
  publisher={Citeseer}
}
@conference{de1994singular,
  title={{Singular Value Decomposition}},
  author={De Lathauwer, L. and De Moor, B. and Vandewalle, J. and by Higher-Order, B.S.S.},
  booktitle={Proc. EUSIPCO-94, Edinburgh, Scotland, UK},
  volume={1},
  pages={175--178},
  year={1994}
}
@article{sprengelmeyer1997disgust,
  title={{Disgust implicated in obsessive--compulsive disorder}},
  author={Sprengelmeyer, R. and Young, AW and Pundt, I. and Sprengelmeyer, A. and Calder, AJ and Berrios, G. and Winkel, R. and Vollm{\\"o}eller, W. and Kuhn, W. and Sartory, G. and others},
  journal={Proceedings of the Royal Society of London. Series B: Biological Sciences},
  volume={264},
  number={1389},
  pages={1767},
  issn={0962-8452},
  year={1997},
  publisher={The Royal Society}
}
@article{calder2003facial,
  title={{Facial expression recognition across the adult life span}},
  author={Calder, A.J. and Keane, J. and Manly, T. and Sprengelmeyer, R. and Scott, S. and Nimmo-Smith, I. and Young, A.W.},
  journal={Neuropsychologia},
  volume={41},
  number={2},
  pages={195--202},
  issn={0028-3932},
  year={2003},
  publisher={Elsevier}
}
@article{sprengelmeyer1999knowing,
  title={{Knowing no fear}},
  author={Sprengelmeyer, R. and Young, A.W. and Schroeder, U. and Grossenbacher, P.G. and Federlein, J. and Buttner, T. and Przuntek, H.},
  journal={Proceedings of the Royal Society of London. Series B: Biological Sciences},
  volume={266},
  number={1437},
  pages={2451},
  issn={0962-8452},
  year={1999},
  publisher={The Royal Society}
}
@article{smith2007circuit,
  title={{Circuit reconstruction tools today}},
  author={Smith, S.J.},
  journal={Current opinion in neurobiology},
  volume={17},
  number={5},
  pages={601--608},
  issn={0959-4388},
  year={2007},
  publisher={Elsevier}
}
@book{cabeza2001handbook,
  title={{Handbook of functional neuroimaging of cognition}},
  author={Cabeza, R. and Kingstone, A.},
  isbn={0262032805},
  year={2001},
  publisher={The MIT Press}
}
@article{burton1993naming,
  title={{Naming faces and naming names: exploring an interactive activation model of person recognition.}},
  author={Burton, A.M. and Bruce, V.},
  journal={Memory},
  volume={1},
  number={4},
  pages={457--480},
  year={1993}
}
@conference{mcowan1995algorithms,
  title={{The algorithms of natural vision: The multi-channel gradient model}},
  author={McOwan, PW and Johnston, A.},
  booktitle={Genetic Algorithms in Engineering Systems: Innovations and Applications, 1995. GALESIA. First International Conference on (Conf. Publ. No. 414)},
  pages={319--324},
  year={1995}
}
@article{sober1981principle,
  title={{The principle of parsimony}},
  author={Sober, E.},
  journal={The British Journal for the Philosophy of Science},
  volume={32},
  number={2},
  pages={145--156},
  issn={0007-0882},
  year={1981},
  publisher={JSTOR}
}

@article{humphreys1993expression,
  title={Expression is computed separately from facial identity, and it is computed separately for moving and static faces: Neuropsychological evidence},
  author={Humphreys, G.W. and Donnelly, N. and Riddoch, M.J.},
  journal={Neuropsychologia},
  volume={31},
  number={2},
  pages={173--181},
  year={1993},
  publisher={Elsevier}
}
@article{bowman2009fire,
  title={Fire in the Earth system},
  author={Bowman, David MJS and Balch, Jennifer K and Artaxo, Paulo and Bond, William J and Carlson, Jean M and Cochrane, Mark A and D’Antonio, Carla M and DeFries, Ruth S and Doyle, John C and Harrison, Sandy P and others},
  journal={science},
  volume={324},
  number={5926},
  pages={481--484},
  year={2009},
  publisher={American Association for the Advancement of Science}
}
@article{allison2000social,
  title={Social perception from visual cues: role of the STS region},
  author={Allison, Truett and Puce, Aina and McCarthy, Gregory},
  journal={Trends in cognitive sciences},
  volume={4},
  number={7},
  pages={267--278},
  year={2000},
  publisher={Elsevier}
}
@article{wolff1993computing,
  title={Computing, cognition and information compression},
  author={Wolff, J Gerard},
  journal={AI Communications},
  volume={6},
  number={2},
  pages={107--127},
  year={1993},
  publisher={IOS Press}
}
@article{marr1978representation,
  title={Representation and recognition of the spatial organization of three-dimensional shapes},
  author={Marr, David and Nishihara, Herbert Keith},
  journal={Proceedings of the Royal Society of London. Series B. Biological Sciences},
  volume={200},
  number={1140},
  pages={269--294},
  year={1978},
  publisher={The Royal Society}
}
@article{naselaris2009bayesian,
  title={Bayesian reconstruction of natural images from human brain activity},
  author={Naselaris, Thomas and Prenger, Ryan J and Kay, Kendrick N and Oliver, Michael and Gallant, Jack L},
  journal={Neuron},
  volume={63},
  number={6},
  pages={902--915},
  year={2009},
  publisher={Elsevier}
}





